@incollection{Pinto:2009,
	Author = {Pinto, Lu√≠s and Uustalu, Tarmo},
	Booktitle = {Automated Reasoning with Analytic Tableaux and Related Methods},
	Editor = {Giese, Martin and Waaler, Arild},
	Pages = {295-309},
	Publisher = {Springer Berlin Heidelberg},
	Series = {Lecture Notes in Computer Science},
	Title = {Proof Search and Counter-Model Construction for Bi-intuitionistic Propositional Logic with Labelled Sequents},
	Volume = {5607},
	Year = {2009}}

@techreport{Benton:1994,
	Author = {Nick Benton},
	Institution = {University of Cambridge Computer Laboratory},
	Number = {UCAM-CL-TR-352},
	Title = {A Mixed Linear and Non-Linear Logic: Proofs, Terms and Models (Preliminary Report)},
	Year = {1994}}
                  


@book{Dragalin:1988,
	Author = {A. G. Dragalin},
	Publisher = {Amerian Mathemaitcal Society},
	Series = {Translations of Mathematical Monographs},
	Title = {Mathematical Intuitionism. Introduction to Proof Theory},
	Volume = {67},
	Year = {1988}}

@article{Schellinx:1991,
	Author = {Schellinx, Harold},
	Journal = {Journal of Logic and Computation},
	Number = {4},
	Pages = {537-559},
	Title = {Some Syntactical Observations on Linear Logic},
	Volume = {1},
	Year = {1991}}

@article{Crolard:2001,
	Author = {Tristan Crolard},
	Journal = {Theoretical Computer Science},
	Number = {1-2},
	Pages = {151-185},
	Title = {Subtractive Logic},
	Volume = {254},
	Year = {2001}}
